%%%%%%%%%%%
% JOURNAL PAPER EXAMPLE:
@ARTICLE{Webster2002-pw,
  title     = "Analyzing the Past to Prepare for the Future: Writing a
               Literature Review",
  author    = "Webster, Jane and Watson, Richard T",
  journal   = "Management Information Systems Quarterly",
  publisher = "Society for Information Management and The Management
               Information Systems Research Center",
  volume    =  26,
  number    =  2,
  pages     = "xiii--xxiii",
  month     =  jun,
  year      =  2002,
  address   = "Minneapolis, MN, USA"
}

%%%%%%%%%%%
% CONFERENCE PAPER EXAMPLE:

@INPROCEEDINGS{Dingsoyr2014-xt,
  title           = "What Is Large in {Large-Scale}? A Taxonomy of Scale for
                     Agile Software Development",
  booktitle       = "{Product-Focused} Software Process Improvement",
  author          = "Dings{\o}yr, Torgeir and F{\ae}gri, Tor Erlend and
                     Itkonen, Juha",
  publisher       = "Springer International Publishing",
  pages           = "273--276",
  year            =  2014,
  conference      = "International Conference on Product-Focused Software
                     Process Improvement",
  location        = "Helsinki, Finland"
}


%%%%%%%%%%%
% BOOK EXAMPLE:
@BOOK{Hevner2010-yw,
  title     = "Design Research in Information Systems: Theory and Practice
               (Integrated Series in Information Systems)",
  author    = "Hevner, Alan and Chatterjee, Samir",
  publisher = "Springer",
  edition   = "2010 edition",
  month     =  may,
  year      =  2010
}


%%%%%%%%%%%
% WEBSITE EXAMPLE: 
@MISC{Github_undated-kr,
  title        = "Build software better, together",
  booktitle    = "Github",
  author       = "{Github}",
  abstract     = "GitHub is where people build software. More than 40 million
                  people use GitHub to discover, fork, and contribute to over
                  100 million projects.",
  howpublished = "\url{https://github.com}",
  note         = "Accessed: 2019-8-19"
}
